@article{kennel-1966,
  author  = {Kennel, C. F. and Engelmann, F.},
  journal = {The Physics of Fluids},
  month   = {12},
  number  = {12},
  pages   = {2377--2388},
  title   = {{Velocity Space Diffusion from Weak Plasma Turbulence in a Magnetic Field}},
  volume  = {9},
  year    = {1966},
  doi     = {10.1063/1.1761629},
  url     = {https://doi.org/10.1063/1.1761629}
}
@article{liu-2012,
  author  = {Liu, Kaijun and Winske, Dan and Gary, S. Peter and Reeves, Geoffrey D.},
  journal = {Journal of Geophysical Research Atmospheres},
  month   = {5},
  number  = {A6},
  title   = {{Relativistic electron scattering by large amplitude electromagnetic ion cyclotron waves: The role of phase bunching and trapping}},
  volume  = {117},
  year    = {2012},
  doi     = {10.1029/2011ja017476},
  url     = {https://doi.org/10.1029/2011ja017476}
}
@article{unknown-author-1958,
  journal = {Jet propulsion},
  month   = {5},
  number  = {5},
  pages   = {0},
  title   = {{Table of contents}},
  volume  = {28},
  year    = {1958},
  doi     = {10.2514/8.7316},
  url     = {https://doi.org/10.2514/8.7316}
}
@book{Walt_1994,
  place      = {Cambridge},
  series     = {Cambridge Atmospheric and Space Science Series},
  title      = {Introduction to Geomagnetically Trapped Radiation},
  publisher  = {Cambridge University Press},
  author     = {Walt, Martin},
  year       = {1994},
  collection = {Cambridge Atmospheric and Space Science Series}
} <div></div>